@article{NumPy:paper,
  title = {{Python} for Scientific Computing},
  author = {T. E. Oliphant},
  year = {2007},
  journal = {Computing in Science \& Engineering},
  volume = {9},
}

@article{IPython:paper,
  title = {{IPython}: a System for Interactive Scientific Computing},
  author = {F. Perez and B. E. Granger},
  year = {2007},
  journal = {Computing in Science \& Engineering},
  volume = {9},
}

@article{Matplotlib:paper,
  title = {{Matplotlib}: a 2D Graphics Environment},
  author = {J. D. Hunter},
  year = {2007},
  journal = {Computing in Science \& Engineering},
  volume = {9},
}

@article{peng1976new,
  title = {A New Two-Constant Equation of State},
  author = {Ding-Yu Peng and Donald B. Robinson},
  year = {1976},
  journal = {Industrial \& Engineering Chemistry Fundamentals},
  publisher = {ACS Publications},
  volume = {15},
  number = {1},
  pages = {59--64},
}

@article{montroll1940theory,
  title = {Theory of Depolymerization of Long Chain Molecules},
  author = {Elliott W. Montroll and Robert Simha},
  year = {1940},
  journal = {The Journal of Chemical Physics},
  publisher = {American Institute of Physics},
  volume = {8},
  number = {9},
  pages = {721--726},
}

@article{perera2,
  title = {Multi-Floor Building Heating Models in {MATLAB} and Modelica Environments},
  author = {DWU Perera and D. Winkler and N-O Skeie},
  year = {2016},
  journal = {Applied Energy},
  publisher = {Elsevier},
  volume = {171},
  pages = {46--57},
}

@article{perera1,
  title = {Modelling the Heat Dynamics of a Residential Building Unit: Application to Norwegian Buildings},
  author = {Degurunnehalage Wathsala U. Perera and Carlos F. Pfeiffer and Nils-Olav Skeie},
  year = {2014},
  journal = {Model. Identif. Control},
  volume = {35},
  pages = {43--57},
}

@article{simha,
  title = {Kinetics of Degradation and Size Distribution of Long Chain Polymers},
  author = {Robert Simha},
  year = {1941},
  journal = {Journal of Applied Physics},
  volume = {12},
  number = {7},
  pages = {569-578},
}

@article{zou1997pressure,
  title = {On Pressure and Velocity Boundary Conditions for the Lattice {B}oltzmann BGK Model},
  author = {Qisu Zou and Xiaoyi He},
  year = {1997},
  journal = {Physics of fluids},
  publisher = {American Institute of Physics},
  volume = {9},
  number = {6},
  pages = {1591--1598},
}

@article{flannery1992numerical,
  title = {Numerical Recipes in C},
  author = {Brian P. Flannery and William H. Press and Saul A. Teukolsky and William Vetterling},
  year = {1992},
  journal = {Press Syndicate of the University of Cambridge, New York},
  volume = {24},
  number = {78},
  pages = {36},
}

@article{jackson2010multiphase,
  title = {Multiphase Electrokinetic Coupling: Insights Into the Impact of Fluid and Charge Distribution at the Pore Scale From a Bundle of Capillary Tubes Model},
  author = {Matthew D. Jackson},
  year = {2010},
  journal = {Journal of Geophysical Research: Solid Earth},
  publisher = {Wiley Online Library},
  volume = {115},
  number = {B7},
}

@article{collini2022relationship,
  title = {Relationship Between Zeta Potential and Wettability in Porous Media: Insights From a Simple Bundle of Capillary Tubes Model},
  author = {Harry Collini and Matthew D. Jackson},
  year = {2022},
  journal = {Journal of Colloid and Interface Science},
  publisher = {Elsevier},
  volume = {608},
  pages = {605--621},
}

@article{sherwood2008streaming,
  title = {Streaming Potential Generated by a Long Viscous Drop in a Capillary},
  author = {JD Sherwood},
  year = {2008},
  journal = {Langmuir},
  publisher = {ACS Publications},
  volume = {24},
  number = {18},
  pages = {10011--10018},
}

@article{bashiri2017new,
  title = {A New Rate Equation for Desorption at the Solid/solution Interface},
  author = {Hadis Bashiri and Alireza Hassani Javanmardi},
  year = {2017},
  journal = {Chemical Physics Letters},
  publisher = {Elsevier},
  volume = {671},
  pages = {1--6},
}

@article{tonkin2021review,
  title = {A Review of Mathematical Models for Geothermal Wellbore Simulation},
  author = {RA Tonkin and MJ O'Sullivan and JP O'Sullivan},
  year = {2021},
  journal = {Geothermics},
  publisher = {Elsevier},
  volume = {97},
  pages = {102255},
}

@article{wengert1964simple,
  title = {A Simple Automatic Derivative Evaluation Program},
  author = {Robert Edwin Wengert},
  year = {1964},
  journal = {Communications of the ACM},
  publisher = {ACM New York, NY, USA},
  volume = {7},
  number = {8},
  pages = {463--464},
}

@book{Langtangen_2014,
  title = {A Primer on Scientific Programming With {P}ython},
  author = {H. P. Langtangen},
  year = {2014},
  publisher = {Springer},
  edition = {Fourth},
  series = {Texts in Computational Science and Engineering},
}

@book{newman2013,
  title = {Computational Physics},
  author = {Mark Newman},
  year = {2013},
  publisher = {CreateSpace Independent Publ.},
}

@book{stoer2013,
  title = {Introduction to Numerical Analysis},
  author = {Josef Stoer and Roland Bulirsch},
  year = {2013},
  publisher = {Springer Science \& Business Media},
  volume = {12},
}

@book{strang2019,
  title = {Linear Algebra and Learning From Data},
  author = {Gilbert Strang},
  year = {2019},
  publisher = {Wellesley-Cambridge Press},
}

@book{trefethen1997,
  title = {Numerical Linear Algebra},
  author = {Lloyd N. Trefethen and David Bau III},
  year = {1997},
  publisher = {SIAM},
  volume = {50},
}

@book{press2001,
  title = {Numerical Recipes in C++: the Art of Scientific Computing},
  author = {William H. Press and William T. Vetterling and Saul A. Teukolsky and Brian P. Flannery},
  year = {2002},
  publisher = {Cambridge University Press},
  address = {New York, NY, USA},
  edition = {2nd},
  isbn = {0-521-75033-4},
}

@book{press2007,
  title = {Numerical Recipes 3rd Edition: the Art of Scientific Computing},
  author = {William H. Press and Saul A. Teukolsky and William T. Vetterling and Brian P. Flannery},
  year = {2007},
  publisher = {Cambridge University Press},
  address = {New York, NY, USA},
  edition = {3},
  isbn = {0521880688, 9780521880688},
}

@book{hiorth,
  title = {Computational Engineering and Modeling},
  author = {Aksel Hiorth},
  year = {2019},
  publisher = {https://github.com/ahiorth/CompEngineering},
}

@book{sonntag,
  title = {Fundamentals of Thermodynamics},
  author = {Richard Edwin Sonntag and Claus Borgnakke and Gordon John Van Wylen and Steve Van Wyk},
  year = {1998},
  publisher = {Wiley New York},
  volume = {6},
}

@book{leveque2002finite,
  title = {Finite Volume Methods for Hyperbolic Problems},
  author = {Randall J. LeVeque and others},
  year = {2002},
  publisher = {Cambridge University Press},
  volume = {31},
}

@book{thomas2019pragmatic,
  title = {The Pragmatic Programmer: Your Journey to Mastery},
  author = {David Thomas and Andrew Hunt},
  year = {2019},
  publisher = {Addison-Wesley Professional},
}

@book{hunter2013zeta,
  title = {Zeta Potential in Colloid Science: Principles and Applications},
  author = {Robert J. Hunter},
  year = {2013},
  publisher = {Academic press},
  volume = {2},
}

@book{vanderplas2016whirlwind,
  title = {A Whirlwind Tour of {P}ython},
  author = {Jacob T. Vanderplas},
  year = {2016},
  publisher = {O'Reilly Media},
}

@misc{Python,
  title = {{Python} Programming Language},
  url = {http://python.org},
  note = {\url{http://python.org}},
  key = {Python},
}

@misc{Langtangen_TCSE6_looplist,
  title = {Loops and Lists},
  author = {H. P. Langtangen},
  url = {http://hplgit.github.io/primer.html/doc/pub/looplist},
  note = {\emph{http://hplgit.github.io/primer.html/doc/pub/looplist}},
}

@misc{Langtangen_dobook_fake,
  title = {Some Document},
  author = {H. P. Langtangen},
  url = {http://hplgit.github.io/setup4book-doconce/doc/pub/fake/html},
  note = {\emph{http://hplgit.github.io/setup4book-doconce/doc/pub/fake/html}},
}

@misc{Langtangen_dobook_mako,
  title = {Use of Mako to Aid Book Writing},
  author = {H. P. Langtangen},
  url = {http://hplgit.github.io/setup4book-doconce/doc/pub/mako/html},
  note = {\emph{http://hplgit.github.io/setup4book-doconce/doc/pub/mako/html}},
}

@misc{Langtangen_dobook_rules,
  title = {Directory and File Structure},
  author = {H. P. Langtangen},
  url = {http://hplgit.github.io/setup4book-doconce/doc/pub/rules/html},
  note = {\emph{http://hplgit.github.io/setup4book-doconce/doc/pub/rules/html}},
}

@misc{Langtangen_TCSE6_debug,
  title = {Debugging in {Python}},
  author = {H. P. Langtangen},
  url = {http://hplgit.github.io/primer.html/doc/pub/debug},
  note = {\emph{http://hplgit.github.io/primer.html/doc/pub/debug}},
}
