@book{newman2013,
  title={Computational physics},
  author={Newman, Mark},
  year={2013},
  publisher={CreateSpace Independent Publ.}
}
@book{stoer2013,
  title={Introduction to numerical analysis},
  author={Stoer, Josef and Bulirsch, Roland},
  volume={12},
  year={2013},
  publisher={Springer Science \& Business Media}
}
@book{strang2019,
  title={Linear algebra and learning from data},
  author={Strang, Gilbert},
  year={2019},
  publisher={Wellesley-Cambridge Press}
}
@book{trefethen1997,
  title={Numerical linear algebra},
  author={Trefethen, Lloyd N and Bau III, David},
  volume={50},
  year={1997},
  publisher={SIAM}
}
@article{peng1976new,
  title={A new two-constant equation of state},
  author={Peng, Ding-Yu and Robinson, Donald B},
  journal={Industrial \& Engineering Chemistry Fundamentals},
  volume={15},
  number={1},
  pages={59--64},
  year={1976},
  publisher={ACS Publications}
}
@book{press2007,
 author = {Press, William H. and Teukolsky, Saul A. and Vetterling, William T. and Flannery, Brian P.},
 title = {Numerical Recipes 3rd Edition: The Art of Scientific Computing},
 year = {2007},
 isbn = {0521880688, 9780521880688},
 edition = {3},
 publisher = {Cambridge University Press},
 address = {New York, NY, USA},
} 

@Book{hiorth,
  author = 	 {Hiorth, Aksel},
  title = 	 {Computational Engineering and Modeling},
  publisher = 	 {https://github.com/ahiorth/CompEngineering},
  year = 	 {2019},
}


